<?xml version="1.0" encoding="UTF-8"?><record xmlns="http://www.loc.gov/MARC21/slim" xmlns:cinclude="http://apache.org/cocoon/include/1.0" xmlns:zs="http://www.loc.gov/zing/srw/">
  <leader>00751cz  a2200193n  4500</leader>
  <controlfield tag="001">n  82110611 </controlfield>
  <controlfield tag="003">DLC</controlfield>
  <controlfield tag="005">20120105074719.0</controlfield>
  <controlfield tag="008">820817n| acannaabn          |a aaa     c</controlfield>
  <datafield tag="010" ind1=" " ind2=" ">
    <subfield code="a">n  82110611 </subfield>
  </datafield>
  <datafield tag="035" ind1=" " ind2=" ">
    <subfield code="a">(OCoLC)oca00807058</subfield>
  </datafield>
  <datafield tag="040" ind1=" " ind2=" ">
    <subfield code="a">CU</subfield>
    <subfield code="b">eng</subfield>
    <subfield code="c">DLC</subfield>
    <subfield code="d">DLC</subfield>
    <subfield code="d">OCoLC</subfield>
    <subfield code="d">NjP</subfield>
    <subfield code="d">DLC</subfield>
  </datafield>
  <datafield tag="100" ind1="1" ind2=" ">
    <subfield code="a">Legorreta Vilchis, Ricardo</subfield>
  </datafield>
  <datafield tag="400" ind1="1" ind2=" ">
    <subfield code="a">Vilchis, Ricardo Legorreta</subfield>
  </datafield>
  <datafield tag="400" ind1="1" ind2=" ">
    <subfield code="a">Legorreta, Ricardo</subfield>
  </datafield>
  <datafield tag="670" ind1=" " ind2=" ">
    <subfield code="a">Me휍혖xico-Tenochtitla휍혖n, 1976 (a.e.)</subfield>
    <subfield code="b">p. 29 (Ricardo Legorreta Vilchis)</subfield>
  </datafield>
  <datafield tag="670" ind1=" " ind2=" ">
    <subfield code="a">The Arch. of Ricardo Legorreta, 1989.</subfield>
  </datafield>
  <datafield tag="670" ind1=" " ind2=" ">
    <subfield code="a">Legorreta + Legorreta, 2002:</subfield>
    <subfield code="b">jkt. (Ricardo Legorreta; b. 1931 in Mexico City)</subfield>
  </datafield>
  <datafield tag="670" ind1=" " ind2=" ">
    <subfield code="a">Chicago tribune WWW site, Jan. 4, 2012</subfield>
    <subfield code="b">(Ricardo Legorreta; b. 1931; d. Dec. 30, 2011, at 80; Mexican architect)</subfield>
  </datafield>
</record>